@manual{sample,
  author = {TU Dortmund},
  title = {Versuchsanleitung-Das Relaxationsverhalten eines RC-Kreises},

}
